@ARTICLE{combes1999,
   author = {{Combes}, F. and {Leon}, S. and {Meylan}, G.},
    title = "{N-body simulations of globular cluster tides}",
  journal = {\aap},
   eprint = {astro-ph/9910148},
 keywords = {GALAXY: EVOLUTION, GALAXY: GENERAL, GALAXY: GLOBULAR CLUSTERS: GENERAL, GALAXY: KINEMATICS AND DYNAMICS, GALAXY: STRUCTURE, GALAXIES: STAR CLUSTERS},
     year = 1999,
    month = dec,
   volume = 352,
    pages = {149-162},
   adsurl = {http://adsabs.harvard.edu/abs/1999A%26A...352..149C},
  adsnote = {Provided by the SAO/NASA Astrophysics Data System}
}

@ARTICLE{shipp2018,
       author = {{Shipp}, N. and {Drlica-Wagner}, A. and {Balbinot}, E. and {Ferguson},
        P. and {Erkal}, D. and {Li}, T.~S. and {Bechtol}, K. and
        {Belokurov}, V. and {Buncher}, B. and {Carollo}, D. and
        {Carrasco Kind}, M. and {Kuehn}, K. and {Marshall}, J.~L. and
        {Pace}, A.~B. and {Rykoff}, E.~S. and {Sevilla-Noarbe}, I. and
        {Sheldon}, E. and {Strigari}, L. and {Vivas}, A.~K. and {Yanny},
        B. and {Zenteno}, A. and {Abbott}, T.~M.~C. and {Abdalla}, F.~B.
        and {Allam}, S. and {Avila}, S. and {Bertin}, E. and {Brooks},
        D. and {Burke}, D.~L. and {Carretero}, J. and {Castander}, F.~J.
        and {Cawthon}, R. and {Crocce}, M. and {Cunha}, C.~E. and
        {D'Andrea}, C.~B. and {da Costa}, L.~N. and {Davis}, C. and {De
        Vicente}, J. and {Desai}, S. and {Diehl}, H.~T. and {Doel}, P.
        and {Evrard}, A.~E. and {Flaugher}, B. and {Fosalba}, P. and
        {Frieman}, J. and {Garc{\'\i}a-Bellido}, J. and {Gaztanaga}, E.
        and {Gerdes}, D.~W. and {Gruen}, D. and {Gruendl}, R.~A. and
        {Gschwend}, J. and {Gutierrez}, G. and {Hartley}, W. and
        {Honscheid}, K. and {Hoyle}, B. and {James}, D.~J. and
        {Johnson}, M.~D. and {Krause}, E. and {Kuropatkin}, N. and
        {Lahav}, O. and {Lin}, H. and {Maia}, M.~A.~G. and {March}, M.
        and {Martini}, P. and {Menanteau}, F. and {Miller}, C.~J. and
        {Miquel}, R. and {Nichol}, R.~C. and {Plazas}, A.~A. and
        {Romer}, A.~K. and {Sako}, M. and {Sanchez}, E. and {Santiago},
        B. and {Scarpine}, V. and {Schindler}, R. and {Schubnell}, M.
        and {Smith}, M. and {Smith}, R.~C. and {Sobreira}, F. and
        {Suchyta}, E. and {Swanson}, M.~E.~C. and {Tarle}, G. and
        {Thomas}, D. and {Tucker}, D.~L. and {Walker}, A.~R. and
        {Wechsler}, R.~H. and {DES Collaboration}},
        title = "{Stellar Streams Discovered in the Dark Energy Survey}",
      journal = {\apj},
     keywords = {Galaxy: halo, Galaxy: structure, Local Group, Astrophysics -
        Astrophysics of Galaxies, Astrophysics - Cosmology and
        Nongalactic Astrophysics},
         year = 2018,
        month = Aug,
       volume = {862},
          eid = {114},
        pages = {114},
          doi = {10.3847/1538-4357/aacdab},
archivePrefix = {arXiv},
       eprint = {1801.03097},
 primaryClass = {astro-ph.GA},
       adsurl = {https://ui.adsabs.harvard.edu/\#abs/2018ApJ...862..114S},
      adsnote = {Provided by the SAO/NASA Astrophysics Data System}
}

@ARTICLE{bh2018,
   author = {{Bonaca}, A. and {Hogg}, D.~W.},
    title = "{The Information Content in Cold Stellar Streams}",
  journal = {\apj},
archivePrefix = "arXiv",
   eprint = {1804.06854},
 keywords = {dark matter, Galaxy: halo, Galaxy: kinematics and dynamics, methods: statistical },
     year = 2018,
    month = nov,
   volume = 867,
      eid = {101},
    pages = {101},
      doi = {10.3847/1538-4357/aae4da},
   adsurl = {http://adsabs.harvard.edu/abs/2018ApJ...867..101B},
  adsnote = {Provided by the SAO/NASA Astrophysics Data System}
}

@ARTICLE{gc2016,
   author = {{Grillmair}, C.~J. and {Carlin}, J.~L.},
    title = "{Stellar Streams and Clouds in the Galactic Halo}",
 keywords = {Physics},
  journal = {ArXiv e-prints},
booktitle = {Tidal Streams in the Local Group and Beyond},
     year = 2016,
   series = {Astrophysics and Space Science Library},
   volume = 420,
archivePrefix = "arXiv",
   eprint = {1603.08936},
   editor = {{Newberg}, H.~J. and {Carlin}, J.~L.},
    pages = {87},
      doi = {10.1007/978-3-319-19336-6_4},
   adsurl = {http://adsabs.harvard.edu/abs/2016ASSL..420...87G},
  adsnote = {Provided by the SAO/NASA Astrophysics Data System}
}

@ARTICLE{johnston1999,
   author = {{Johnston}, K.~V. and {Zhao}, H. and {Spergel}, D.~N. and {Hernquist}, L.
	},
    title = "{Tidal Streams as Probes of the Galactic Potential}",
  journal = {\apjl},
   eprint = {astro-ph/9807243},
 keywords = {GALAXY: FUNDAMENTAL PARAMETERS, GALAXY: HALO, GALAXY: KINEMATICS AND DYNAMICS, GALAXY: STRUCTURE, Galaxy: Fundamental Parameters, Galaxy: Halo, Galaxy: Kinematics and Dynamics, Galaxy: Structure},
     year = 1999,
    month = feb,
   volume = 512,
    pages = {L109-L112},
      doi = {10.1086/311876},
   adsurl = {http://adsabs.harvard.edu/abs/1999ApJ...512L.109J},
  adsnote = {Provided by the SAO/NASA Astrophysics Data System}
}

@ARTICLE{pwb,
       author = {{Price-Whelan}, Adrian M. and {Bonaca}, Ana},
        title = "{Off the Beaten Path: Gaia Reveals GD-1 Stars outside of the Main Stream}",
      journal = {\apj},
     keywords = {dark matter, Galaxy: halo, Galaxy: kinematics and dynamics, Astrophysics
        - Astrophysics of Galaxies},
         year = 2018,
        month = Aug,
       volume = {863},
          eid = {L20},
        pages = {L20},
          doi = {10.3847/2041-8213/aad7b5},
 primaryClass = {astro-ph.GA},
       adsurl = {https://ui.adsabs.harvard.edu/#abs/2018ApJ...863L..20P},
      adsnote = {Provided by the SAO/NASA Astrophysics Data System}
}

@ARTICLE{choi2016,
   author = {{Choi}, J. and {Dotter}, A. and {Conroy}, C. and {Cantiello}, M. and 
	{Paxton}, B. and {Johnson}, B.~D.},
    title = "{Mesa Isochrones and Stellar Tracks (MIST). I. Solar-scaled Models}",
  journal = {\apj},
archivePrefix = "arXiv",
   eprint = {1604.08592},
 primaryClass = "astro-ph.SR",
 keywords = {stars: evolution, stars: general, stars: interiors},
     year = 2016,
    month = jun,
   volume = 823,
      eid = {102},
    pages = {102},
      doi = {10.3847/0004-637X/823/2/102},
   adsurl = {http://adsabs.harvard.edu/abs/2016ApJ...823..102C},
  adsnote = {Provided by the SAO/NASA Astrophysics Data System}
}

@ARTICLE{sfd,
   author = {{Schlegel}, D.~J. and {Finkbeiner}, D.~P. and {Davis}, M.},
    title = "{Maps of Dust Infrared Emission for Use in Estimation of Reddening and Cosmic Microwave Background Radiation Foregrounds}",
  journal = {\apj},
   eprint = {astro-ph/9710327},
 keywords = {COSMOLOGY: DIFFUSE RADIATION, COSMOLOGY: COSMIC MICROWAVE BACKGROUND, ISM: DUST, EXTINCTION, INTERPLANETARY MEDIUM, INFRARED: ISM: CONTINUUM, Cosmology: Cosmic Microwave Background, Cosmology: Diffuse Radiation, ISM: Dust, Extinction, Infrared: ISM: Continuum, Interplanetary Medium},
     year = 1998,
    month = jun,
   volume = 500,
    pages = {525-553},
      doi = {10.1086/305772},
   adsurl = {http://adsabs.harvard.edu/abs/1998ApJ...500..525S},
  adsnote = {Provided by the SAO/NASA Astrophysics Data System}
}

@ARTICLE{johnston2002,
   author = {{Johnston}, K.~V. and {Spergel}, D.~N. and {Haydn}, C.},
    title = "{How Lumpy Is the Milky Way's Dark Matter Halo?}",
  journal = {\apj},
   eprint = {astro-ph/0111196},
 keywords = {Cosmology: Dark Matter, Galaxy: Halo, Galaxy: Kinematics and Dynamics, Galaxy: Structure},
     year = 2002,
    month = may,
   volume = 570,
    pages = {656-664},
      doi = {10.1086/339791},
   adsurl = {http://adsabs.harvard.edu/abs/2002ApJ...570..656J},
  adsnote = {Provided by the SAO/NASA Astrophysics Data System}
}

@ARTICLE{carlberg2009,
   author = {{Carlberg}, R.~G.},
    title = "{Star Stream Folding by Dark Galactic Subhalos}",
  journal = {\apjl},
archivePrefix = "arXiv",
   eprint = {0908.4345},
 keywords = {dark matter, galaxies: dwarf, Galaxy: halo, Galaxy: kinematics and dynamics, Galaxy: structure, Local Group},
     year = 2009,
    month = nov,
   volume = 705,
    pages = {L223-L226},
      doi = {10.1088/0004-637X/705/2/L223},
   adsurl = {http://adsabs.harvard.edu/abs/2009ApJ...705L.223C},
  adsnote = {Provided by the SAO/NASA Astrophysics Data System}
}

@ARTICLE{yoon2011,
       author = {{Yoon}, Joo Heon and {Johnston}, Kathryn V. and {Hogg}, David W.},
        title = "{Clumpy Streams from Clumpy Halos: Detecting Missing Satellites with Cold
        Stellar Structures}",
      journal = {\apj},
     keywords = {cosmology: theory, dark matter, Galaxy: halo, Galaxy: kinematics and
        dynamics, Galaxy: structure, Astrophysics - Astrophysics of
        Galaxies},
         year = 2011,
        month = Apr,
       volume = {731},
          eid = {58},
        pages = {58},
          doi = {10.1088/0004-637X/731/1/58},
archivePrefix = {arXiv},
       eprint = {1012.2884},
 primaryClass = {astro-ph.GA},
       adsurl = {https://ui.adsabs.harvard.edu/#abs/2011ApJ...731...58Y},
      adsnote = {Provided by the SAO/NASA Astrophysics Data System}
}

@ARTICLE{eb2015,
       author = {{Erkal}, Denis and {Belokurov}, Vasily},
        title = "{Forensics of subhalo-stream encounters: the three phases of gap growth}",
      journal = {\mnras},
     keywords = {galaxies: haloes, galaxies: kinematics and dynamics, galaxies:
        structure, cosmology: theory, dark matter, Astrophysics -
        Astrophysics of Galaxies},
         year = 2015,
        month = Jun,
       volume = {450},
        pages = {1136-1149},
          doi = {10.1093/mnras/stv655},
archivePrefix = {arXiv},
       eprint = {1412.6035},
 primaryClass = {astro-ph.GA},
       adsurl = {https://ui.adsabs.harvard.edu/#abs/2015MNRAS.450.1136E},
      adsnote = {Provided by the SAO/NASA Astrophysics Data System}
}

@ARTICLE{carlberg2012,
   author = {{Carlberg}, R.~G. and {Grillmair}, C.~J. and {Hetherington}, N.
	},
    title = "{The Pal 5 Star Stream Gaps}",
  journal = {\apj},
archivePrefix = "arXiv",
   eprint = {1209.1741},
 keywords = {dark matter, galaxies: dwarf, Local Group},
     year = 2012,
    month = nov,
   volume = 760,
      eid = {75},
    pages = {75},
      doi = {10.1088/0004-637X/760/1/75},
   adsurl = {http://adsabs.harvard.edu/abs/2012ApJ...760...75C},
  adsnote = {Provided by the SAO/NASA Astrophysics Data System}
}

@ARTICLE{cg2013,
   author = {{Carlberg}, R.~G. and {Grillmair}, C.~J.},
    title = "{Gaps in the GD-1 Star Stream}",
  journal = {\apj},
archivePrefix = "arXiv",
   eprint = {1303.4342},
 keywords = {dark matter, galaxies: dwarf, Local Group},
     year = 2013,
    month = may,
   volume = 768,
      eid = {171},
    pages = {171},
      doi = {10.1088/0004-637X/768/2/171},
   adsurl = {http://adsabs.harvard.edu/abs/2013ApJ...768..171C},
  adsnote = {Provided by the SAO/NASA Astrophysics Data System}
}

@ARTICLE{gd2006,
   author = {{Grillmair}, C.~J. and {Dionatos}, O.},
    title = "{Detection of a 63{\deg} Cold Stellar Stream in the Sloan Digital Sky Survey}",
  journal = {\apjl},
   eprint = {astro-ph/0604332},
 keywords = {Galaxy: Halo, Galaxy: Structure, Galaxy: Globular Clusters: General},
     year = 2006,
    month = may,
   volume = 643,
    pages = {L17-L20},
      doi = {10.1086/505111},
   adsurl = {http://adsabs.harvard.edu/abs/2006ApJ...643L..17G},
  adsnote = {Provided by the SAO/NASA Astrophysics Data System}
}

@ARTICLE{bonaca2014,
   author = {{Bonaca}, A. and {Geha}, M. and {K{\"u}pper}, A.~H.~W. and {Diemand}, J. and 
	{Johnston}, K.~V. and {Hogg}, D.~W.},
    title = "{Milky Way Mass and Potential Recovery Using Tidal Streams in a Realistic Halo}",
  journal = {\apj},
archivePrefix = "arXiv",
   eprint = {1406.6063},
 keywords = {dark matter, Galaxy: halo, Galaxy: structure},
     year = 2014,
    month = nov,
   volume = 795,
      eid = {94},
    pages = {94},
      doi = {10.1088/0004-637X/795/1/94},
   adsurl = {http://adsabs.harvard.edu/abs/2014ApJ...795...94B},
  adsnote = {Provided by the SAO/NASA Astrophysics Data System}
}

@ARTICLE{ngan2016,
       author = {{Ngan}, Wayne and {Carlberg}, Raymond G. and {Bozek}, Brandon and
        {Wyse}, Rosemary F.~G. and {Szalay}, Alexander S. and {Madau},
        Piero},
        title = "{Dispersal of Tidal Debris in a Milky-Way-sized Dark Matter Halo}",
      journal = {\apj},
     keywords = {dark matter, galaxies: dwarf, galaxies: interactions, Galaxy: kinematics
        and dynamics, Astrophysics - Astrophysics of Galaxies},
         year = 2016,
        month = Feb,
       volume = {818},
          eid = {194},
        pages = {194},
          doi = {10.3847/0004-637X/818/2/194},
 primaryClass = {astro-ph.GA},
       adsurl = {https://ui.adsabs.harvard.edu/#abs/2016ApJ...818..194N},
      adsnote = {Provided by the SAO/NASA Astrophysics Data System}
}

@ARTICLE{malhan2018,
   author = {{Malhan}, K. and {Ibata}, R.~A. and {Martin}, N.~F.},
    title = "{Ghostly tributaries to the Milky Way: charting the halo's stellar streams with the Gaia DR2 catalogue}",
  journal = {\mnras},
archivePrefix = "arXiv",
   eprint = {1804.11339},
 keywords = {stars: kinematics and dynamics, Galaxy: halo, Galaxy: kinematics and dynamics, Galaxy: structure},
     year = 2018,
    month = dec,
   volume = 481,
    pages = {3442-3455},
      doi = {10.1093/mnras/sty2474},
   adsurl = {http://adsabs.harvard.edu/abs/2018MNRAS.481.3442M},
  adsnote = {Provided by the SAO/NASA Astrophysics Data System}
}

@ARTICLE{pearson2017,
       author = {{Pearson}, Sarah and {Price-Whelan}, Adrian M. and {Johnston}, Kathryn
        V.},
        title = "{Gaps and length asymmetry in the stellar stream Palomar 5 as effects of
        Galactic bar rotation}",
      journal = {Nature Astronomy},
     keywords = {Astrophysics - Astrophysics of Galaxies},
         year = 2017,
        month = Aug,
       volume = {1},
        pages = {633-639},
          doi = {10.1038/s41550-017-0220-3},
 primaryClass = {astro-ph.GA},
       adsurl = {https://ui.adsabs.harvard.edu/#abs/2017NatAs...1..633P},
      adsnote = {Provided by the SAO/NASA Astrophysics Data System}
}

@ARTICLE{pw2016,
   author = {{Price-Whelan}, A.~M. and {Johnston}, K.~V. and {Valluri}, M. and 
	{Pearson}, S. and {K{\"u}pper}, A.~H.~W. and {Hogg}, D.~W.},
    title = "{Chaotic dispersal of tidal debris}",
  journal = {\mnras},
archivePrefix = "arXiv",
   eprint = {1507.08662},
 keywords = {chaos, Galaxy: halo, galaxies: haloes, galaxies: kinematics and dynamics, galaxies: star clusters: general, dark matter},
     year = 2016,
    month = jan,
   volume = 455,
    pages = {1079-1098},
      doi = {10.1093/mnras/stv2383},
   adsurl = {http://adsabs.harvard.edu/abs/2016MNRAS.455.1079P},
  adsnote = {Provided by the SAO/NASA Astrophysics Data System}
}

@ARTICLE{abbott2018,
       author = {{Abbott}, T.~M.~C. and {Abdalla}, F.~B. and {Allam}, S. and {Amara}, A.
        and {Annis}, J. and {Asorey}, J. and {Avila}, S. and
        {Ballester}, O. and {Banerji}, M. and {Barkhouse}, W. and
        {Baruah}, L. and {Baumer}, M. and {Bechtol}, K. and {Becker},
        M.~R. and {Benoit-L{\'e}vy}, A. and {Bernstein}, G.~M. and
        {Bertin}, E. and {Blazek}, J. and {Bocquet}, S. and {Brooks}, D.
        and {Brout}, D. and {Buckley-Geer}, E. and {Burke}, D.~L. and
        {Busti}, V. and {Campisano}, R. and {Cardiel-Sas}, L. and
        {Carnero Rosell}, A. and {Carrasco Kind}, M. and {Carretero}, J.
        and {Castander}, F.~J. and {Cawthon}, R. and {Chang}, C. and
        {Chen}, X. and {Conselice}, C. and {Costa}, G. and {Crocce}, M.
        and {Cunha}, C.~E. and {D{\textquoteright}Andrea}, C.~B. and {da
        Costa}, L.~N. and {Das}, R. and {Daues}, G. and {Davis}, T.~M.
        and {Davis}, C. and {De Vicente}, J. and {DePoy}, D.~L. and
        {DeRose}, J. and {Desai}, S. and {Diehl}, H.~T. and {Dietrich},
        J.~P. and {Dodelson}, S. and {Doel}, P. and {Drlica-Wagner}, A.
        and {Eifler}, T.~F. and {Elliott}, A.~E. and {Evrard}, A.~E. and
        {Farahi}, A. and {Fausti Neto}, A. and {Fernandez}, E. and
        {Finley}, D.~A. and {Flaugher}, B. and {Foley}, R.~J. and
        {Fosalba}, P. and {Friedel}, D.~N. and {Frieman}, J. and
        {Garc{\'\i}a-Bellido}, J. and {Gaztanaga}, E. and {Gerdes},
        D.~W. and {Giannantonio}, T. and {Gill}, M.~S.~S. and
        {Glazebrook}, K. and {Goldstein}, D.~A. and {Gower}, M. and
        {Gruen}, D. and {Gruendl}, R.~A. and {Gschwend}, J. and {Gupta},
        R.~R. and {Gutierrez}, G. and {Hamilton}, S. and {Hartley},
        W.~G. and {Hinton}, S.~R. and {Hislop}, J.~M. and {Hollowood},
        D. and {Honscheid}, K. and {Hoyle}, B. and {Huterer}, D. and
        {Jain}, B. and {James}, D.~J. and {Jeltema}, T. and {Johnson},
        M.~W.~G. and {Johnson}, M.~D. and {Kacprzak}, T. and {Kent}, S.
        and {Khullar}, G. and {Klein}, M. and {Kovacs}, A. and {Koziol},
        A.~M.~G. and {Krause}, E. and {Kremin}, A. and {Kron}, R. and
        {Kuehn}, K. and {Kuhlmann}, S. and {Kuropatkin}, N. and {Lahav},
        O. and {Lasker}, J. and {Li}, T.~S. and {Li}, R.~T. and
        {Liddle}, A.~R. and {Lima}, M. and {Lin}, H. and {L{\'o}pez-
        Reyes}, P. and {MacCrann}, N. and {Maia}, M.~A.~G. and
        {Maloney}, J.~D. and {Manera}, M. and {March}, M. and
        {Marriner}, J. and {Marshall}, J.~L. and {Martini}, P. and
        {McClintock}, T. and {McKay}, T. and {McMahon}, R.~G. and
        {Melchior}, P. and {Menanteau}, F. and {Miller}, C.~J. and
        {Miquel}, R. and {Mohr}, J.~J. and {Morganson}, E. and {Mould},
        J. and {Neilsen}, E. and {Nichol}, R.~C. and {Nogueira}, F. and
        {Nord}, B. and {Nugent}, P. and {Nunes}, L. and {Ogando},
        R.~L.~C. and {Old}, L. and {Pace}, A.~B. and {Palmese}, A. and
        {Paz-Chinch{\'o}n}, F. and {Peiris}, H.~V. and {Percival}, W.~J.
        and {Petravick}, D. and {Plazas}, A.~A. and {Poh}, J. and
        {Pond}, C. and {Porredon}, A. and {Pujol}, A. and {Refregier},
        A. and {Reil}, K. and {Ricker}, P.~M. and {Rollins}, R.~P. and
        {Romer}, A.~K. and {Roodman}, A. and {Rooney}, P. and {Ross},
        A.~J. and {Rykoff}, E.~S. and {Sako}, M. and {Sanchez}, M.~L.
        and {Sanchez}, E. and {Santiago}, B. and {Saro}, A. and
        {Scarpine}, V. and {Scolnic}, D. and {Serrano}, S. and {Sevilla-
        Noarbe}, I. and {Sheldon}, E. and {Shipp}, N. and {Silveira},
        M.~L. and {Smith}, M. and {Smith}, R.~C. and {Smith}, J.~A. and
        {Soares-Santos}, M. and {Sobreira}, F. and {Song}, J. and
        {Stebbins}, A. and {Suchyta}, E. and {Sullivan}, M. and
        {Swanson}, M.~E.~C. and {Tarle}, G. and {Thaler}, J. and
        {Thomas}, D. and {Thomas}, R.~C. and {Troxel}, M.~A. and
        {Tucker}, D.~L. and {Vikram}, V. and {Vivas}, A.~K. and
        {Walker}, A.~R. and {Wechsler}, R.~H. and {Weller}, J. and
        {Wester}, W. and {Wolf}, R.~C. and {Wu}, H. and {Yanny}, B. and
        {Zenteno}, A. and {Zhang}, Y. and {Zuntz}, J. and {DES
        Collaboration} and {Juneau}, S. and {Fitzpatrick}, M. and
        {Nikutta}, R. and {Nidever}, D. and {Olsen}, K. and {Scott}, A.
        and {Data Lab}, NOAO},
        title = "{The Dark Energy Survey: Data Release 1}",
      journal = {The Astrophysical Journal Supplement Series},
     keywords = {astronomical databases: miscellaneous, catalogs, cosmology: observations, surveys, techniques: image processing, techniques: photometric, Astrophysics - Instrumentation and Methods for Astrophysics, Astrophysics - Cosmology and Nongalactic Astrophysics, Astrophysics - Astrophysics of Galaxies, Astrophysics - Solar and Stellar Astrophysics},
         year = 2018,
        month = Dec,
       volume = {239},
          eid = {18},
        pages = {18},
          doi = {10.3847/1538-4365/aae9f0},
archivePrefix = {arXiv},
       eprint = {1801.03181},
 primaryClass = {astro-ph.IM},
       adsurl = {https://ui.adsabs.harvard.edu/\#abs/2018ApJS..239...18A},
      adsnote = {Provided by the SAO/NASA Astrophysics Data System}
}

@ARTICLE{mateu2018,
   author = {{Mateu}, C. and {Read}, J.~I. and {Kawata}, D.},
    title = "{Fourteen candidate RR Lyrae star streams in the inner Galaxy}",
  journal = {\mnras},
archivePrefix = "arXiv",
   eprint = {1711.03967},
 keywords = {methods: data analysis, astronomical data bases: miscellaneous, stars: variables: RR Lyrae, Galaxy:halo, Galaxy: structure},
     year = 2018,
    month = mar,
   volume = 474,
    pages = {4112-4129},
      doi = {10.1093/mnras/stx2937},
   adsurl = {http://adsabs.harvard.edu/abs/2018MNRAS.474.4112M},
  adsnote = {Provided by the SAO/NASA Astrophysics Data System}
}

@ARTICLE{gdr2,
   author = {{Gaia Collaboration} and {Brown}, A.~G.~A. and {Vallenari}, A. and 
	{Prusti}, T. and {de Bruijne}, J.~H.~J. and {Babusiaux}, C. and 
	{Bailer-Jones}, C.~A.~L. and {Biermann}, M. and {Evans}, D.~W. and 
	{Eyer}, L. and et al.},
    title = "{Gaia Data Release 2. Summary of the contents and survey properties}",
  journal = {\aap},
archivePrefix = "arXiv",
   eprint = {1804.09365},
 keywords = {catalogs, astrometry, techniques: radial velocities, stars: fundamental parameters, stars: variables: general, minor planets, asteroids: general},
     year = 2018,
    month = aug,
   volume = 616,
      eid = {A1},
    pages = {A1},
      doi = {10.1051/0004-6361/201833051},
   adsurl = {http://adsabs.harvard.edu/abs/2018A%26A...616A...1G},
  adsnote = {Provided by the SAO/NASA Astrophysics Data System}
}

@ARTICLE{bovy2017,
   author = {{Bovy}, J.},
    title = "{Stellar inventory of the solar neighbourhood using Gaia DR1}",
  journal = {\mnras},
archivePrefix = "arXiv",
   eprint = {1704.05063},
 keywords = {stars: statistics, Galaxy: disc, Galaxy: fundamental parameters, solar neighbourhood, Galaxy: stellar content, Galaxy: structure},
     year = 2017,
    month = sep,
   volume = 470,
    pages = {1360-1387},
      doi = {10.1093/mnras/stx1277},
   adsurl = {http://adsabs.harvard.edu/abs/2017MNRAS.470.1360B},
  adsnote = {Provided by the SAO/NASA Astrophysics Data System}
}

@ARTICLE{ibata2016,
   author = {{Ibata}, R.~A. and {Lewis}, G.~F. and {Martin}, N.~F.},
    title = "{Feeling the Pull: a Study of Natural Galactic Accelerometers. I. Photometry of the Delicate Stellar Stream of the Palomar 5 Globular Cluster}",
  journal = {\apj},
archivePrefix = "arXiv",
   eprint = {1512.03054},
 keywords = {dark matter, Galaxy: halo, Galaxy: kinematics and dynamics, globular clusters: individual: Palomar 5},
     year = 2016,
    month = mar,
   volume = 819,
      eid = {1},
    pages = {1},
      doi = {10.3847/0004-637X/819/1/1},
   adsurl = {http://adsabs.harvard.edu/abs/2016ApJ...819....1I},
  adsnote = {Provided by the SAO/NASA Astrophysics Data System}
}

